<?xml version="1.0" encoding="UTF-8"?><collection xmlns="http://www.loc.gov/MARC21/slim"><record><leader>00517nam--2200181-i-4500</leader><controlfield tag="001">000021498</controlfield><controlfield tag="002">20161230</controlfield><controlfield tag="005">20161230201034</controlfield><controlfield tag="008">060222s1000------------r-----000-0-eng-d</controlfield><datafield ind1=" " ind2=" " tag="040"><subfield code="a">IFIN-HH</subfield></datafield><datafield ind1=" " ind2=" " tag="080"><subfield code="a">539.23</subfield></datafield><datafield ind1="1" ind2=" " tag="100"><subfield code="a">Holland, L</subfield></datafield><datafield ind1="1" ind2="0" tag="245"><subfield code="a">Vacuum deposition of thin films</subfield><subfield code="b">With a foreword by professor s. tolansky</subfield><subfield code="c">L. holland</subfield></datafield><datafield ind1=" " ind2=" " tag="250"><subfield code="a">Fourth Printing</subfield></datafield><datafield ind1=" " ind2=" " tag="260"><subfield code="a">London</subfield><subfield code="b">Chapman &amp; Hall Ltd</subfield><subfield code="c">1961</subfield></datafield><datafield ind1=" " ind2=" " tag="300"><subfield code="a">XIX + 541P. CU FIG. + 12PL</subfield></datafield><datafield ind1=" " ind2=" " tag="852"><subfield code="a">11863</subfield><subfield code="c">539.23</subfield></datafield><datafield ind1=" " ind2=" " tag="CAT"><subfield code="a">Sys</subfield><subfield code="c">20121212</subfield><subfield code="h">160916</subfield></datafield></record></collection>